This file was created with JabRef 2.0.1.
Encoding: Cp1252

@article{Samadiani19,
  author =	"Najmeh Samadiani and Guangyan Huang and Borui Cai and Wei Luo and Chi-Hung Chi and Yong Xiang and Jing He",
  title =	"A Review on Automatic Facial Expression Recognition Systems Assisted by Multimodal Sensor Data",
  journal =	"Multidisciplinary Digital Publishing Institute (MDPI)",
  year = 	"2019",
}

@article{Tarnowski17,
  author =	"Pawel Tarnowski and Marcin Kolodziej and Andrzej Majkowski and Remigiusz J. Rak",
  title =	"Emotion recognition using facial expressions",
  conference =	"International Conference on Computational Science at ICCS 2017 in 12-14 June 2017 in
Zurich in Switzerland",
  year = 	"2017",
  publisher =	"Science Direct",
}

@article{Arriaga17,
  author =	"Octavio Arriaga and Paul G. Ploger and Matias Valdenegro",
  title =	"Real-time Convolutional Neural Networks for Emotion and Gender Classification",
  year = 	"2017",
}

@article{Burkert16,
  author =	"Peter Burkert and Felix Trier and Muhammad Zeshan Afzal and Andreas Dengel and Marcus Liwicki",
  title =	"DeXpression: Deep Convolutional Neural Network for Expression Recognition",
  journal =	"German Research Center for Artificial Intelligence (DFKI)",
  year = 	"2016",
}

@article{Chollet16,
  author =	"Francois Chollet",
  title =	"Xception: Deep  learning  with  depthwise  separable convolutions.",
  journal =	"CoRR",
  year = 	"2016",
}

@article{Caleanu13,
  author = {Caleanu, Catalin},
  year = {2013},
  pages = {157-161},
  title = {Face expression recognition: A brief overview of the last decade},
  isbn = {978-1-4673-6397-6},
  journal = {SACI 2013 - 8th IEEE International Symposium on Applied Computational Intelligence and Informatics, Proceedings},
  doi = {10.1109/SACI.2013.6608958},
}

@misc{imgaug,
    author    = "Alexander Jung",
    title     = "imgaug - a python library",
    url       = "https://github.com/aleju/imgaug",
}

@misc{opencv,
    author    = "OpenCV",
    title     = "OpenCV: Open Source Computer Vision Library",
    url       = "https://github.com/opencv/opencv",
}

@misc{Brownlee18,
    author    = "Jason Brownlee",
    title     = "Confidence Intervals for Machine Learning",
    url       = "https://machinelearningmastery.com/confidence-intervals-for-machine-learning/",
}