@inproceedings{hu2015face,
  title={When face recognition meets with deep learning: an evaluation of convolutional neural networks for face recognition},
  author={Hu, Guosheng and Yang, Yongxin and Yi, Dong and Kittler, Josef and Christmas, William and Li, Stan Z and Hospedales, Timothy},
  booktitle={Proceedings of the IEEE international conference on computer vision workshops},
  pages={142--150},
  year={2015}
}

@article{singh2018techniques,
  title={Techniques and Challenges of Face Recognition: A Critical Review},
  author={Singh, Shilpi and Prasad, SVAV},
  journal={Procedia computer science},
  volume={143},
  pages={536--543},
  year={2018},
  publisher={Elsevier}
}

@article{wen2018improving,
  title={Improving face recognition with domain adaptation},
  author={Wen, Ge and Chen, Huaguan and Cai, Deng and He, Xiaofei},
  journal={Neurocomputing},
  volume={287},
  pages={45--51},
  year={2018},
  publisher={Elsevier}
}

@article{seal2016human,
  title={Human face recognition using random forest based fusion of {\`a}-trous wavelet transform coefficients from thermal and visible images},
  author={Seal, Ayan and Bhattacharjee, Debotosh and Nasipuri, Mita},
  journal={AEU-International Journal of Electronics and Communications},
  volume={70},
  number={8},
  pages={1041--1049},
  year={2016},
  publisher={Elsevier}
}

@article{fathi2016new,
  title={A new Global-Gabor-Zernike feature descriptor and its application to face recognition},
  author={Fathi, Abdolhossein and Alirezazadeh, Pendar and Abdali-Mohammadi, Fardin},
  journal={Journal of Visual Communication and Image Representation},
  volume={38},
  pages={65--72},
  year={2016},
  publisher={Elsevier}
}

@article{zhou2018pose,
  title={Pose-robust face recognition with Huffman-LBP enhanced by Divide-and-Rule strategy},
  author={Zhou, Li-Fang and Du, Yue-Wei and Li, Wei-Sheng and Mi, Jian-Xun and Luan, Xiao},
  journal={Pattern Recognition},
  volume={78},
  pages={43--55},
  year={2018},
  publisher={Elsevier}
}

@article{guo2016ei3d,
  title={EI3D: Expression-invariant 3D face recognition based on feature and shape matching},
  author={Guo, Yulan and Lei, Yinjie and Liu, Li and Wang, Yan and Bennamoun, Mohammed and Sohel, Ferdous},
  journal={Pattern Recognition Letters},
  volume={83},
  pages={403--412},
  year={2016},
  publisher={Elsevier}
}

@article{aksasse2017novel,
  title={Novel approach to pose invariant face recognition},
  author={Aksasse, Brahim and Ouanan, Hamid and Ouanan, Mohammed},
  journal={Procedia Computer Science},
  volume={110},
  pages={434--439},
  year={2017},
  publisher={Elsevier}
}

@inproceedings{taigman2014deepface,
  title={Deepface: Closing the gap to human-level performance in face verification},
  author={Taigman, Yaniv and Yang, Ming and Ranzato, Marc'Aurelio and Wolf, Lior},
  booktitle={Proceedings of the IEEE conference on computer vision and pattern recognition},
  pages={1701--1708},
  year={2014}
}

@inproceedings{lu2015surpassing,
  title={Surpassing human-level face verification performance on LFW with GaussianFace},
  author={Lu, Chaochao and Tang, Xiaoou},
  booktitle={Twenty-ninth AAAI conference on artificial intelligence},
  year={2015}
}

@article{tarnowski2017emotion,
  title={Emotion recognition using facial expressions},
  author={Tarnowski, Pawe{\l} and Ko{\l}odziej, Marcin and Majkowski, Andrzej and Rak, Remigiusz J},
  journal={Procedia Computer Science},
  volume={108},
  pages={1175--1184},
  year={2017},
  publisher={Elsevier}
}

@inproceedings{he2016deep,
  title={Deep residual learning for image recognition},
  author={He, Kaiming and Zhang, Xiangyu and Ren, Shaoqing and Sun, Jian},
  booktitle={Proceedings of the IEEE conference on computer vision and pattern recognition},
  pages={770--778},
  year={2016}
}

@book{baggio2012mastering,
  title={Mastering OpenCV with practical computer vision projects},
  author={Baggio, Daniel L{\'e}lis},
  year={2012},
  publisher={Packt Publishing Ltd}
}

@inproceedings{kazemi2014one,
  title={One millisecond face alignment with an ensemble of regression trees},
  author={Kazemi, Vahid and Sullivan, Josephine},
  booktitle={Proceedings of the IEEE conference on computer vision and pattern recognition},
  pages={1867--1874},
  year={2014}
}

@misc{binotuopencv,
  title={OpenCV face recognition using deep learning},
  year={2015},
  note={"https://www.pyimagesearch.com/2018/06/18/face-recognition-with-opencv-python-and-deep-learning/" Online; Accessed on:02.11.2019}
}







